@book{Peskin:1995ev,
	author = "Peskin, Michael E. and Schroeder, Daniel V.",
	title = "{An Introduction to quantum field theory}",
	isbn = "978-0-201-50397-5",
	publisher = "Addison-Wesley",
	address = "Reading, USA",
	year = "1995"
}
@book{Collins:2011zzd,
	author = "Collins, John",
	title = "{Foundations of perturbative QCD}",
	isbn = "978-1-107-64525-7, 978-1-107-64525-7, 978-0-521-85533-4, 978-1-139-09782-6",
	publisher = "Cambridge University Press",
	volume = "32",
	month = "11",
	year = "2013"
}

@book{Muta:2010xua,
	author = "Muta, Taizo",
	title = "{Foundations of Quantum Chromodynamics: An Introduction to Perturbative Methods in Gauge Theories, (3rd ed.)}",
	edition = "3rd",
	isbn = "978-981-279-353-9",
	publisher = "World Scientific",
	address = "Hackensack, N.J.",
	series = "World scientific Lecture Notes in Physics",
	volume = "78",
	year = "2010"
}

@book{Ellis:1991qj,
	author = "Ellis, R. Keith and Stirling, W. James and Webber, B. R.",
	title = "{QCD and collider physics}",
	isbn = "978-0-511-82328-2, 978-0-521-54589-1",
	publisher = "Cambridge University Press",
	volume = "8",
	month = "2",
	year = "2011"
}

@inbook{Schwartz:2017hep,
	author = "Schwartz, Matthew D.",
	editor = "Essig, Rouven and Low, Ian",
	title = "{TASI Lectures on Collider Physics}",
	booktitle = "{Proceedings,  Theoretical Advanced Study Institute in Elementary Particle Physics : Anticipating the Next Discoveries in Particle Physics (TASI 2016)}: {Boulder, CO, USA, June 6-July 1, 2016}",
	eprint = "1709.04533",
	archivePrefix = "arXiv",
	primaryClass = "hep-ph",
	doi = "10.1142/9789813233348_0002",
	year = "2018"
}

@inproceedings{Skands:2012ts,
	author = "Skands, Peter",
	title = "{Introduction to QCD}",
	booktitle = "{Theoretical Advanced Study Institute in Elementary Particle Physics}: {Searching for New Physics at Small and Large Scales}",
	eprint = "1207.2389",
	archivePrefix = "arXiv",
	primaryClass = "hep-ph",
	reportNumber = "CERN-PH-TH-2012-196",
	doi = "10.1142/9789814525220_0008",
	month = "7",
	year = "2012"
}

@techreport{Dainese:2703572,
	author        = "Dainese, Andrea and Mangano, Michelangelo and Meyer,
	Andreas B and Nisati, Aleandro and Salam, Gavin and
	Vesterinen, Mika Anton",
	title         = "{Report on the Physics at the HL-LHC, and Perspectives for
	the HE-LHC}",
	address       = "Geneva, Switzerland",
	reportNumber  = "CERN-2019-007",
	year          = "2019",
	url           = "http://cds.cern.ch/record/2703572",
	doi           = "10.23731/CYRM-2019-007",
}

@article{Buckley:2019wov,
	author = "Buckley, Andy",
	title = "{Computational challenges for MC event generation}",
	eprint = "1908.00167",
	archivePrefix = "arXiv",
	primaryClass = "hep-ph",
	reportNumber = "MCnet-19-18",
	doi = "10.1088/1742-6596/1525/1/012023",
	journal = "J. Phys. Conf. Ser.",
	volume = "1525",
	number = "1",
	pages = "012023",
	year = "2020"
}

@article{Press:1992zz,
	author = "Press, William H. and Teukolsky, Saul A. and Vetterling, William T. and Flannery, Brian P.",
	title = "{Numerical Recipes in FORTRAN: The Art of Scientific Computing}",
	month = "9",
	year = "1992"
}

    @article{Carrazza:2020rdn,
	author = "Carrazza, Stefano and Cruz-Martinez, Juan M.",
	title = "{VegasFlow: accelerating Monte Carlo simulation across multiple hardware platforms}",
	eprint = "2002.12921",
	archivePrefix = "arXiv",
	primaryClass = "physics.comp-ph",
	reportNumber = "TIF-UNIMI-2020-8",
	doi = "10.1016/j.cpc.2020.107376",
	journal = "Comput. Phys. Commun.",
	volume = "254",
	pages = "107376",
	year = "2020"
}


@software{vegasflow_package,
	author       = {Juan Cruz-Martinez and
	Stefano Carrazza},
	title        = {N3PDF/vegasflow: vegasflow v1.0},
	month        = feb,
	year         = 2020,
	publisher    = {Zenodo},
	version      = {v1.0},
	doi          = {10.5281/zenodo.3691926},
	url          = {https://doi.org/10.5281/zenodo.3691926}
}

@article{Alwall:2014hca,
	author = "Alwall, J. and Frederix, R. and Frixione, S. and Hirschi, V. and Maltoni, F. and Mattelaer, O. and Shao, H. -S. and Stelzer, T. and Torrielli, P. and Zaro, M.",
	title = "{The automated computation of tree-level and next-to-leading order differential cross sections, and their matching to parton shower simulations}",
	eprint = "1405.0301",
	archivePrefix = "arXiv",
	primaryClass = "hep-ph",
	reportNumber = "CERN-PH-TH-2014-064, CP3-14-18, LPN14-066, MCNET-14-09, ZU-TH-14-14",
	doi = "10.1007/JHEP07(2014)079",
	journal = "JHEP",
	volume = "07",
	pages = "079",
	year = "2014"
}

@article{Lepage:2020tgj,
	author = "Lepage, G. Peter",
	title = "{Adaptive multidimensional integration: VEGAS enhanced}",
	eprint = "2009.05112",
	archivePrefix = "arXiv",
	primaryClass = "physics.comp-ph",
	doi = "10.1016/j.jcp.2021.110386",
	journal = "J. Comput. Phys.",
	volume = "439",
	pages = "110386",
	year = "2021"
}

@article{Lepage:1977sw,
	author = "Lepage, G. Peter",
	title = "{A New Algorithm for Adaptive Multidimensional Integration}",
	reportNumber = "SLAC-PUB-1839-REV, SLAC-PUB-1839",
	doi = "10.1016/0021-9991(78)90004-9",
	journal = "J. Comput. Phys.",
	volume = "27",
	pages = "192",
	year = "1978"
}

@article{Press:1989vk,
	author = "Press, William H. and Farrar, Glennys R.",
	title = "{RECURSIVE STRATIFIED SAMPLING FOR MULTIDIMENSIONAL MONTE CARLO INTEGRATION}",
	reportNumber = "CFA-3010",
	month = "12",
	year = "1989"
}

@software{peter_lepage_2021_4746454,
	author       = {Peter Lepage},
	title        = {gplepage/vegas: vegas version 4.0.1},
	month        = may,
	year         = 2021,
	publisher    = {Zenodo},
	version      = {v4.0.1},
	doi          = {10.5281/zenodo.4746454},
	url          = {https://doi.org/10.5281/zenodo.4746454}
}

@article{Campbell:2015qma,
	author = "Campbell, John M. and Ellis, R. Keith and Giele, Walter T.",
	title = "{A Multi-Threaded Version of MCFM}",
	eprint = "1503.06182",
	archivePrefix = "arXiv",
	primaryClass = "physics.comp-ph",
	reportNumber = "FERMILAB-PUB-15-043-T",
	doi = "10.1140/epjc/s10052-015-3461-2",
	journal = "Eur. Phys. J. C",
	volume = "75",
	number = "6",
	pages = "246",
	year = "2015"
}

@article{Campbell:2019dru,
	author = "Campbell, John and Neumann, Tobias",
	title = "{Precision Phenomenology with MCFM}",
	eprint = "1909.09117",
	archivePrefix = "arXiv",
	primaryClass = "hep-ph",
	reportNumber = "FERMILAB-PUB-19-477-T, IIT-CAPP-19-03",
	doi = "10.1007/JHEP12(2019)034",
	journal = "JHEP",
	volume = "12",
	pages = "034",
	year = "2019"
}
@article{Gehrmann:2018szu,
	author = "Gehrmann, Thomas and others",
	editor = "Hoang, Andre and Schneider, Carsten",
	title = "{Jet cross sections and transverse momentum distributions with NNLOJET}",
	eprint = "1801.06415",
	archivePrefix = "arXiv",
	primaryClass = "hep-ph",
	reportNumber = "CFTP-18-001",
	doi = "10.22323/1.290.0074",
	journal = "PoS",
	volume = "RADCOR2017",
	pages = "074",
	year = "2018"
}

@article{Gleisberg:2008ta,
	author = "Gleisberg, T. and Hoeche, Stefan. and Krauss, F. and Schonherr, M. and Schumann, S. and Siegert, F. and Winter, J.",
	title = "{Event generation with SHERPA 1.1}",
	eprint = "0811.4622",
	archivePrefix = "arXiv",
	primaryClass = "hep-ph",
	reportNumber = "FERMILAB-PUB-08-477-T, SLAC-PUB-13420, ZU-TH-17-08, DCPT-08-138, IPPP-08-69, EDINBURGH-2008-30, MCNET-08-14",
	doi = "10.1088/1126-6708/2009/02/007",
	journal = "JHEP",
	volume = "02",
	pages = "007",
	year = "2009"
}